@article{dai1998money,
    title={b-money},
    author={W. Dai},
    year={1998},
    url = {http://www.weidai.com/bmoney.txt}
}

@inproceedings{massias1999design,
    title={Design of a secure timestamping service with minimal trust requirement},
    author={Massias, Henri and Avila, X Serret and Quisquarter, J-J},
    booktitle={20th Symposium on Information theory in the Benelux},
    year={1999},
    month = {May},
}

@inproceedings{haber1991time,
    title={How to time-stamp a digital document},
    author={Haber, Stuart and Stornetta, W Scott},
    booktitle = {Journal of Cryptology},
    volume = {3},
    number = {2},
    pages={99--111},
    year={1991}
}

@inproceedings{bayer1993improving,
    title={Improving the efficiency and reliability of digital time-stamping},
    author={Bayer, Dave and Haber, Stuart and Stornetta, W Scott},
    booktitle={Sequences II: Methods in Communication, Security, and Computer Science},
    pages={329--334},
    year={1993}
}

@inproceedings{haber1997secure,
    title={Secure names for bit-strings},
    author={Haber, Stuart and Stornetta, W Scott},
    booktitle={Proceedings of the 4th ACM Conference on Computer and Communications Security},
    pages={28--35},
    year={1997}
}

@article{back2002hashcash,
    title={Hashcash-a denial of service counter-measure},
    author={Back, Adam and others},
    year={2002},
    url = {http://www.hashcash.org/papers/hashcash.pdf}
}

@inproceedings{merkle1980protocols,
    title={Protocols for public key cryptosystems},
    author={Merkle, Ralph C},
    booktitle={Proc. 1980 IEEE symposium on security and privacy},
    pages={122--133},
    year={1980},
    organization={IEEE Computer Society}
}

@article{fellerintroduction,
    title={An introduction to probability theory and its applications},
    author={Feller, William},
    year={1957}
}